@book{texbook,
  author = {Donald E. Knuth},
  year = {1986},
  title = {The {\TeX} Book},
  publisher = {Addison-Wesley Professional und das ist ein sehr langer name der einfach mehrere zeilen braucht lol}
}
