@book{AmnReport,
  shorthand = {Am23},
  title     = {{Amnesty International Report 2022/23}},
  publisher = {{International Amnesty Ltd}},
  author    = {{Amnesty International}},
  year      = {2023},
  address   = {London WC1X 0DW, United Kingdom},
  isbn      = {978-0-86210-502-0},
  urldate   = {2024-01-13},
  url       = {https://www.amnesty.org/en/wp-content/uploads/2023/04/WEBPOL1056702023ENGLISH-2.pdf}
}

@inproceedings{ChinaFirewall,
  author    = {Mingshi Wu and Jackson Sippe and Danesh Sivakumar and Jack Burg and Peter Anderson and Xiaokang Wang and Kevin Bock and Amir Houmansadr and Dave Levin and Eric Wustrow},
  title     = {How the Great Firewall of China Detects and Blocks Fully Encrypted Traffic},
  booktitle = {32nd USENIX Security Symposium (USENIX Security 23)},
  year      = {2023},
  isbn      = {978-1-939133-37-3},
  address   = {Anaheim, CA},
  pages     = {2653--2670},
  urldate   = {2024-01-14},
  url       = {https://www.usenix.org/conference/usenixsecurity23/presentation/wu-mingshi},
  publisher = {USENIX Association},
  month     = aug
}

@inproceedings{LocPolice,
  shorthand    = {F{\"a}23},
  title        = {Rechtliche Rahmenbedingungen der Nutzung von Positionsdaten durch die Polizei und deren m{\"o}gliche Umsetzung in die Praxis--zwischen Strafverfolgung und Hilfe zur Wiedererlangung des Diebesguts},
  author       = {F{\"a}hrmann, Jan},
  booktitle    = {Private Positionsdaten und polizeiliche Aufkl{\"a}rung von Diebst{\"a}hlen},
  pages        = {141--176},
  year         = {2023},
  isbn         = {978-3-8487-5905-7},
  organization = {Nomos Verlagsgesellschaft mbH \& Co. KG}
}

@online{SignalSend,
  title     = {{Sende eine Nachricht}},
  journal   = {Signal-Support},
  author    = {{Signal}},
  publisher = {{Signal}},
  comment   = { Again, year and month not there },
  year      = {2024},
  month     = jan,
  urldate   = {2024-01-14},
  url       = {https://support.signal.org/hc/de/articles/360007060212-Sende-eine-Nachricht}
}

@online{UnPop,
  shorthand = {Un22},
  title     = {{World Population Prospects - Population Division}},
  year      = {2022},
  month     = jan,
  author    = {{United Nations}},
  publisher = {{United Nations}},
  urldate   = {2024-01-13},
  url       = {https://population.un.org/wpp/Download/Files/1_Indicators%20(Standard)/EXCEL_FILES/1_General/WPP2022_GEN_F01_DEMOGRAPHIC_INDICATORS_COMPACT_REV1.xlsx}
}

@online{WhatsappContacts,
  title     = {{How to add a contact {$\vert$} WhatsApp Help Center}},
  comment   = { Year and Month incorrect, but there is no date on the page },
  author    = {{WhatsApp}},
  publisher = {{WhatsApp}},
  year      = {2024},
  month     = jan,
  urldate   = {2024-01-14},
  url       = {https://faq.whatsapp.com/5472030609512325/?cms_platform=android&helpref=platform_switcher}
}

@online{WPrivacy,
  title   = {{Privacy Policy - EEA}},
  journal = {WhatsApp},
  year    = {2023},
  month   = dec,
  urldate = {2024-01-14},
  url     = {https://www.whatsapp.com/legal/privacy-policy-eea#privacy-policy-information-you-and-we-share}
}

@article{E2EE,
	author = {Greenberg, Andy},
	title = {{Hacker Lexicon: What Is End-to-End Encryption?}},
	journal = {WIRED},
	year = {2014},
	month = nov,
	urldate = {2024-01-16},
	publisher = {WIRED},
	url = {https://www.wired.com/2014/11/hacker-lexicon-end-to-end-encryption}
}

@article{E2EE-Method,
	author = {Lutkevich, Ben and Bacon, Madelyn},
	title = {{end-to-end encryption (E2EE)}},
	journal = {Security},
	year = {2021},
	month = jun,
	urldate = {2024-01-16},
	publisher = {TechTarget},
	url = {https://www.techtarget.com/searchsecurity/definition/end-to-end-encryption-E2EE}
}